@article{Karmarkar84,
  author    = {Narendra Karmarkar},
  title     = {A new polynomial-time algorithm for linear programming},
  journal   = {Combinatorica},
  year      = {1984},
  volume    = {4},
  number    = {4},
  pages     = {373--396},
}

@article{Renegar88,
  author = {James Renegar},
  title = {A polynomial-time algorithm, based on {Newton's} method, for linear programming},
  journal = {Mathematical Programming},
  volume = 40,
  number = "1--3",
  pages = "59--93",
  year = 1988,
}

@article{LeeS13a,
  author    = {Yin Tat Lee and
               Aaron Sidford},
  title     = {Matching the Universal Barrier Without Paying the Costs : Solving
               Linear Programs with $\tilde{{O}}(\sqrt{rank})$ Linear System Solves},
  journal   = {CoRR},
  year      = {2013},
  volume    = {abs/1312.6677},
}

@article{Nesterov83,
  author = {Yurii Nesterov},
  title = {A method of solving a convex programming problem with convergence rate ${O}(1/k^2)$},
  journal = {Soviet Mathematics Doklady},
  volume = 27,
  number = 2,
  pages = "372--376",
  year = 1983,
}